@incollection{rubio2016finding,
  title={Finding a Gr{\"o}bner basis for the ideal of recurrence relations on m-dimensional periodic arrays},
  author={Rubio, Ivelisse M and Sweedler, Moss and Heegard, Chris},
  booktitle={Contemporary Developments in Finite Fields and Applications},
  pages={296--320},
  year={2016},
  publisher={World Scientific}
}

@book{cox1997ideals,
  title={{Ideals, Varieties, and Algorithms. An Introduction to Computational Algebraic Geometry and Commutative Algebra}},
  author={Cox, David and Little, John and O'Shea, Donal},
  year={1997},
  publisher={Springer-Verlag},
  series={Undergraduate Texts in Mathematics},
  address={New York},
  edition={Second}
}

@article{arce2019multidimensional,
  title={Multidimensional linear complexity analysis of periodic arrays},
  author={Arce-Nazario, Rafael and Castro, Francis and Gomez-Perez, Domingo and Moreno, Oscar and Ortiz-Ubarri, Jos{\'e} and Rubio, Ivelisse and Tirkel, Andrew},
  journal={Applicable Algebra in Engineering, Communication and Computing},
  pages={1-21},
  year={2019},
  publisher={Springer}
}

@inproceedings{gomez2015linear,
  title={Linear complexity for multidimensional arrays-a numerical invariant},
  author={Gomez-Perez, Domingo and H{\o}holdt, Tom and Moreno, Oscar and Rubio, Ivelisse},
  booktitle={2015 IEEE International Symposium on Information Theory (ISIT)},
  pages={2697--2701},
  year={2015},
  organization={IEEE}
}

@inproceedings{moreno2011multi,
  title={Multi-dimensional arrays for watermarking},
  author={Moreno, Oscar and Tirkel, Andrew},
  booktitle={2011 IEEE International Symposium on Information Theory Proceedings},
  pages={2691--2695},
  year={2011},
  organization={IEEE}
}

@inproceedings{moreno2012new,
  title={New optimal low correlation sequences for wireless communications},
  author={Moreno, Oscar and Tirkel, Andrew},
  booktitle={International Conference on Sequences and Their Applications},
  pages={212--223},
  year={2012},
  organization={Springer}
}

@article{ding1998linear,
  title={On the linear complexity of Legendre sequences},
  author={Ding, Cunsheng and Hesseseth, T and Shan, Weijuan},
  journal={IEEE Transactions on Information Theory},
  volume={44},
  number={3},
  pages={1276--1278},
  year={1998},
  publisher={IEEE}
}

@book{mullen2013handbook,
  title={Handbook of finite fields},
  author={Mullen, Gary L and Panario, Daniel},
  year={2013},
  publisher={Chapman and Hall/CRC}
}